<?xml version="1.0" encoding="UTF-8"?><collection xmlns="http://www.loc.gov/MARC21/slim"><record><leader>00593nam--2200193-i-4500</leader><controlfield tag="001">000020551</controlfield><controlfield tag="002">20161230</controlfield><controlfield tag="005">20161230201033</controlfield><controlfield tag="008">060222s1000------------r-----000-0-eng-d</controlfield><datafield ind1=" " ind2=" " tag="020"><subfield code="a">3540576819</subfield></datafield><datafield ind1=" " ind2=" " tag="040"><subfield code="a">IFIN-HH</subfield></datafield><datafield ind1=" " ind2=" " tag="080"><subfield code="a">538.945(061.3)</subfield></datafield><datafield ind1="1" ind2=" " tag="100"><subfield code="a">Sigmund, E</subfield></datafield><datafield ind1="1" ind2="0" tag="245"><subfield code="a">Phase separation in cuprate superconductors</subfield><subfield code="b">Proceedings of the second international workshop september 4-10, 1993, cottbus, germany</subfield><subfield code="c">E.sigmund, k.a.muller</subfield></datafield><datafield ind1=" " ind2=" " tag="260"><subfield code="a">Berlin</subfield><subfield code="b">Springer-verlag</subfield><subfield code="c">1994</subfield></datafield><datafield ind1=" " ind2=" " tag="300"><subfield code="a">401 P</subfield></datafield><datafield ind1="1" ind2=" " tag="700"><subfield code="a">Muller, K.A</subfield></datafield><datafield ind1=" " ind2=" " tag="852"><subfield code="a">80398</subfield><subfield code="c">539.2</subfield></datafield><datafield ind1=" " ind2=" " tag="CAT"><subfield code="a">Sys</subfield><subfield code="c">20130603</subfield><subfield code="h">164549</subfield></datafield></record></collection>